@book{Kerrisk2010,
	author = {Kerrisk, Michael},
	title = {The Linux Programming Interface},
	publisher = {No Starch Press},
	address = {San Francisco},
	year = {2010}
}

@book{Kleppmann2017,
	author = {Kleppmann, Martin},
	title = {Designing Data-Intensive Applications},
	publisher = {O'Reilly},
	address = {San Francisco},
	year = {2017},
	month = {March}
}

@book{Seacord2020,
	author = {Seacord, Robert C.},
	title = {Effective C: an introduction to professional C programming},
	publisher = {No Starch Press},
	address = {San Francisco},
	year = {2020}
}

@MISC{Kennedy2018,
	author = {William Kennedy},
	title = {Scheduling in Go},
	month = {August},
	year = {2018},
	howpublished = {\url{https://www.ardanlabs.com/blog/2018/08/scheduling-in-go-part2.html}}

}
